@book{bollobas,
  title={Modern graph theory},
  author={Bollob{\'a}s, B{\'e}la},
  volume={184},
  year={1998},
  publisher={Springer Science \& Business Media}
}

@article{imrich,
    author = {Imrich, Wilfried and Klavzar, Sandi and Mulder, Henry Martyn},
    title = {Median Graphs and Triangle-Free Graphs},
    journal = {SIAM Journal on Discrete Mathematics},
    volume = {12},
    number = {1},
    pages = {111-118},
    year = {1999},
    doi = {10.1137/S0895480197323494}
}

@article{mulder,
    author = {Mulder, Martyn},
    title = {n-cubes and median graphs},
    journal = {Journal of Graph Theory},
    volume = {4},
    number = {1},
    pages = {107-110},
    doi = {https://doi.org/10.1002/jgt.3190040112},
    url = {https://onlinelibrary.wiley.com/doi/abs/10.1002/jgt.3190040112},
    eprint = {https://onlinelibrary.wiley.com/doi/pdf/10.1002/jgt.3190040112},
    year = {1980}
}

@article{survey,
    author = {Hans-Jurgen Bandelt, and Victor Chepoi},
    title = {Metric graph theory and geometry: a survey},
    url = {https://pageperso.lis-lab.fr/~victor.chepoi/survey_cm_bis.pdf}
}

@book{genevois,
    author = {Anthony Genevois},
    title = {Algebraic properties of groups acting on median graphs}
}

@article{genevois-rev,
    title={Special cube complexes revisited: a quasi-median generalization}, volume={75}, DOI={10.4153/S0008414X22000141}, number={3}, journal={Canadian Journal of Mathematics}, publisher={Canadian Mathematical Society}, author={Genevois, Anthony}, year={2023}, pages={743–777}
}

@article{hagen,
    author = {Mark Hagen},
    title = {CAT(0) CUBE COMPLEXES, MEDIAN GRAPHS, AND CUBULATING GROUPS}
}

@misc{loeh,
    title={Median quasimorphisms on CAT(0) cube complexes and their cup products},
    author={Benjamin Brück and Francesco Fournier-Facio and Clara Loeh},
    year={2022},
    eprint={2209.05811},
    archivePrefix={arXiv},
    primaryClass={math.GR}
}
